{"ts":"2025-11-14T00:19:16-04:00","run_id":"20251114T041907Z","symbol":"BTCUSDC","event":"GRID_ORDER","mp":98912.81,"center":98915.49,"circuit":0,"paused":false,"side":"SELL","posSide":"SHORT","price":99064.1,"qty":0.003,"created":true,"oid":159340436}
{"ts":"2025-11-14T00:19:17-04:00","run_id":"20251114T041907Z","symbol":"BTCUSDC","event":"GRID_ORDER","mp":98912.81,"center":98915.49,"circuit":0,"paused":false,"side":"BUY","posSide":"LONG","price":98766.9,"qty":0.003,"created":true,"oid":159340440}
{"ts":"2025-11-14T00:19:17-04:00","run_id":"20251114T041907Z","symbol":"BTCUSDC","event":"GRID_ORDER","mp":98912.81,"center":98915.49,"circuit":0,"paused":false,"side":"SELL","posSide":"SHORT","price":99212.5,"qty":0.003,"created":true,"oid":159340443}
{"ts":"2025-11-14T00:19:18-04:00","run_id":"20251114T041907Z","symbol":"BTCUSDC","event":"GRID_ORDER","mp":98907.4,"center":98915.49,"circuit":0,"paused":false,"side":"BUY","posSide":"LONG","price":98618.5,"qty":0.003,"created":true,"oid":159340447}
{"ts":"2025-11-14T00:19:18-04:00","run_id":"20251114T041907Z","symbol":"BTCUSDC","event":"GRID_ORDER","mp":98907.4,"center":98915.49,"circuit":0,"paused":false,"side":"SELL","posSide":"SHORT","price":99360.9,"qty":0.003,"created":true,"oid":159340450}
{"ts":"2025-11-14T00:19:18-04:00","run_id":"20251114T041907Z","symbol":"BTCUSDC","event":"GRID_ORDER","mp":98908.9,"center":98915.49,"circuit":0,"paused":false,"side":"BUY","posSide":"LONG","price":98470.1,"qty":0.003,"created":true,"oid":159340452}
{"ts":"2025-11-14T00:19:19-04:00","run_id":"20251114T041907Z","symbol":"BTCUSDC","event":"GRID_ORDER","mp":98908.9,"center":98915.49,"circuit":0,"paused":false,"side":"SELL","posSide":"SHORT","price":99509.1,"qty":0.003,"created":true,"oid":159340461}
{"ts":"2025-11-14T00:19:19-04:00","run_id":"20251114T041907Z","symbol":"BTCUSDC","event":"GRID_ORDER","mp":98908.9,"center":98915.49,"circuit":0,"paused":false,"side":"BUY","posSide":"LONG","price":98321.8,"qty":0.003,"created":true,"oid":159340465}
{"ts":"2025-11-14T00:19:20-04:00","run_id":"20251114T041907Z","symbol":"BTCUSDC","event":"GRID_ORDER","mp":98908.9,"center":98915.49,"circuit":0,"paused":false,"side":"SELL","posSide":"SHORT","price":99657.6,"qty":0.003,"created":true,"oid":159340488}
{"ts":"2025-11-14T00:19:20-04:00","run_id":"20251114T041907Z","symbol":"BTCUSDC","event":"GRID_ORDER","mp":98908.9,"center":98915.49,"circuit":0,"paused":false,"side":"BUY","posSide":"LONG","price":98173.4,"qty":0.003,"created":true,"oid":159340514}
{"ts":"2025-11-14T00:19:21-04:00","run_id":"20251114T041907Z","symbol":"BTCUSDC","event":"GRID_ORDER","mp":98908.9,"center":98915.49,"circuit":0,"paused":false,"side":"SELL","posSide":"SHORT","price":99806.0,"qty":0.003,"created":true,"oid":159340547}
{"ts":"2025-11-14T00:19:21-04:00","run_id":"20251114T041907Z","symbol":"BTCUSDC","event":"GRID_ORDER","mp":98908.9,"center":98915.49,"circuit":0,"paused":false,"side":"BUY","posSide":"LONG","price":98025.0,"qty":0.003,"created":true,"oid":159340555}
{"ts":"2025-11-14T00:19:21-04:00","run_id":"20251114T041907Z","symbol":"BTCUSDC","event":"GRID_ORDER","mp":98904.0,"center":98915.49,"circuit":0,"paused":false,"side":"SELL","posSide":"SHORT","price":99954.4,"qty":0.003,"created":true,"oid":159340564}
{"ts":"2025-11-14T00:19:22-04:00","run_id":"20251114T041907Z","symbol":"BTCUSDC","event":"GRID_ORDER","mp":98904.0,"center":98915.49,"circuit":0,"paused":false,"side":"BUY","posSide":"LONG","price":97876.6,"qty":0.003,"created":true,"oid":159340579}
{"ts":"2025-11-14T00:19:22-04:00","run_id":"20251114T041907Z","symbol":"BTCUSDC","event":"GRID_ORDER","mp":98913.0,"center":98915.49,"circuit":0,"paused":false,"side":"SELL","posSide":"SHORT","price":100102.6,"qty":0.003,"created":true,"oid":159340601}
{"ts":"2025-11-14T00:19:23-04:00","run_id":"20251114T041907Z","symbol":"BTCUSDC","event":"GRID_ORDER","mp":98913.0,"center":98915.49,"circuit":0,"paused":false,"side":"BUY","posSide":"LONG","price":97728.3,"qty":0.003,"created":true,"oid":159340619}
{"ts":"2025-11-14T00:19:23-04:00","run_id":"20251114T041907Z","symbol":"BTCUSDC","event":"GRID_ORDER","mp":98913.0,"center":98915.49,"circuit":0,"paused":false,"side":"SELL","posSide":"SHORT","price":100251.1,"qty":0.003,"created":true,"oid":159340638}
{"ts":"2025-11-14T00:19:24-04:00","run_id":"20251114T041907Z","symbol":"BTCUSDC","event":"GRID_ORDER","mp":98919.0,"center":98915.49,"circuit":0,"paused":false,"side":"BUY","posSide":"LONG","price":97579.9,"qty":0.003,"created":true,"oid":159340664}
{"ts":"2025-11-14T00:19:24-04:00","run_id":"20251114T041907Z","symbol":"BTCUSDC","event":"GRID_ORDER","mp":98919.0,"center":98915.49,"circuit":0,"paused":false,"side":"SELL","posSide":"SHORT","price":100399.5,"qty":0.003,"created":true,"oid":159340673}
{"ts":"2025-11-14T00:19:25-04:00","run_id":"20251114T041907Z","symbol":"BTCUSDC","event":"GRID_ORDER","mp":98919.0,"center":98915.49,"circuit":0,"paused":false,"side":"BUY","posSide":"LONG","price":97431.5,"qty":0.003,"created":true,"oid":159340685}
{"ts":"2025-11-14T00:19:28-04:00","run_id":"20251114T041907Z","symbol":"BTCUSDC","event":"BALANCE_SNAPSHOT","mp":98908.06,"center":98915.49,"circuit":0,"paused":false,"balance":4995.08,"available":4995.08,"init_margin":0.0,"maint_margin":0.0,"margin_ratio":0.0}
{"ts":"2025-11-14T00:19:28-04:00","run_id":"20251114T041907Z","symbol":"BTCUSDC","event":"DAILY_PNL_SNAPSHOT","mp":98905.8,"center":98915.49,"circuit":0,"paused":false,"realized":0,"funding":0,"total":0}
